<record><leader>00000cas a2200000 a 4500</leader><controlfield tag="001">30618194</controlfield><controlfield tag="008">940616d18801882oruwr ne      0    0eng c</controlfield><datafield ind1=" " ind2=" " tag="010"><subfield code="a">sn 93051668 </subfield></datafield><datafield ind1=" " ind2=" " tag="040"><subfield code="a">CUY</subfield><subfield code="b">eng</subfield><subfield code="c">CNK</subfield><subfield code="d">OCLCQ</subfield><subfield code="d">ORU</subfield><subfield code="d">OCLCF</subfield><subfield code="d">DLC</subfield></datafield><datafield ind1=" " ind2=" " tag="042"><subfield code="a">msc</subfield></datafield><datafield ind1=" " ind2=" " tag="043"><subfield code="a">n-us-or</subfield></datafield><datafield ind1="0" ind2=" " tag="130"><subfield code="a">Weekly times (Dalles, Or.)</subfield></datafield><datafield ind1="0" ind2="4" tag="245"><subfield code="a">The weekly times.</subfield></datafield><datafield ind1=" " ind2=" " tag="260"><subfield code="a">The Dalles, Or. :</subfield><subfield code="b">Marsh &amp; Michell,</subfield><subfield code="c">[1880-1882]</subfield></datafield><datafield ind1=" " ind2=" " tag="300"><subfield code="a">v.</subfield></datafield><datafield ind1=" " ind2=" " tag="310"><subfield code="a">Weekly</subfield></datafield><datafield ind1="0" ind2=" " tag="362"><subfield code="a">Began with Vol. 1, no. 1 (Apr. 27, 1880)-</subfield></datafield><datafield ind1="1" ind2=" " tag="362"><subfield code="a">Ceased in 1882.</subfield></datafield><datafield ind1=" " ind2=" " tag="500"><subfield code="a">"Published every Tuesday morning."</subfield></datafield><datafield ind1=" " ind2=" " tag="500"><subfield code="a">Latest issue consutled: Vol. 1, no. 36 (Dec. 28, 1880).</subfield></datafield><datafield ind1=" " ind2=" " tag="530"><subfield code="a">Also available on microfilm from University of Oregon.</subfield></datafield><datafield ind1=" " ind2=" " tag="580"><subfield code="a">Merged with: Weekly mountaineer (Dalles, Or.) to form: Dalles times-mountaineer.</subfield></datafield><datafield ind1=" " ind2="0" tag="651"><subfield code="a">Dalles (Or.)</subfield><subfield code="v">Newspapers.</subfield></datafield><datafield ind1=" " ind2="7" tag="651"><subfield code="a">Oregon</subfield><subfield code="z">Dalles.</subfield><subfield code="2">fast</subfield><subfield code="0">(OCoLC)fst01218827</subfield></datafield><datafield ind1=" " ind2="7" tag="655"><subfield code="a">Newspapers.</subfield><subfield code="2">fast</subfield><subfield code="0">(OCoLC)fst01423814</subfield></datafield><datafield ind1=" " ind2=" " tag="752"><subfield code="a">United States</subfield><subfield code="b">Oregon</subfield><subfield code="c">Wasco</subfield><subfield code="d">Dalles.</subfield></datafield><datafield ind1="1" ind2="7" tag="785"><subfield code="t">Weekly mountaineer (Dalles, Or.)</subfield><subfield code="w">(DLC)sn 83025135</subfield><subfield code="w">(OCoLC)9266953</subfield></datafield><datafield ind1="1" ind2="7" tag="785"><subfield code="t">Dalles times-mountaineer</subfield><subfield code="x">2333-1402</subfield><subfield code="w">(DLC)sn 93051669</subfield><subfield code="w">(OCoLC)30618185</subfield></datafield><datafield ind1="1" ind2=" " tag="029"><subfield code="a">AU@</subfield><subfield code="b">000025896902</subfield></datafield></record>